<?xml version = "1.0" encoding = "UTF-8"?><OAI-PMH xmlns="http://www.openarchives.org/OAI/2.0/" xmlns:xsi="http://www.w3.org/2001/XMLSchema-instance" xsi:schemaLocation="http://www.openarchives.org/OAI/2.0/ http://www.openarchives.org/OAI/2.0/OAI-PMH.xsd"><ListRecords><record><header><identifier>aleph-publish:021994674</identifier></header><metadata><record xmlns="http://www.ddb.de/professionell/mabxml/mabxml-1.xsd"><leader>------M2.01200024------h</leader><controlfield tag="LDR">------M2.01200024------h</controlfield><controlfield tag="FMT">MH</controlfield><datafield tag="001" ind1="-" ind2="1"><subfield code="a">HT019488427</subfield></datafield><datafield tag="002" ind1="a" ind2="1"><subfield code="a">20171027</subfield></datafield><datafield tag="003" ind1="-" ind2="1"><subfield code="a">20181109</subfield></datafield><datafield tag="025" ind1="o" ind2="1"><subfield code="a">1073545802</subfield></datafield><datafield tag="026" ind1="-" ind2="1"><subfield code="a">HBZHT019488427</subfield></datafield><controlfield tag="030">a|zur||||||17</controlfield><datafield tag="036" ind1="a" ind2="1"><subfield code="a">DE</subfield></datafield><datafield tag="037" ind1="b" ind2="1"><subfield code="a">ger</subfield></datafield><controlfield tag="050">||||||||g|||||</controlfield><controlfield tag="051">mz||||||</controlfield><datafield tag="060" ind1="-" ind2="1"><subfield code="b">txt</subfield><subfield code="a">Text</subfield></datafield><datafield tag="061" ind1="-" ind2="1"><subfield code="b">c</subfield><subfield code="a">Computermedien</subfield></datafield><datafield tag="062" ind1="-" ind2="1"><subfield code="b">cr</subfield><subfield code="a">Online-Ressource</subfield></datafield><datafield tag="070" ind1="-" ind2="1"><subfield code="a">38 M</subfield></datafield><datafield tag="070" ind1="b" ind2="1"><subfield code="a">38 M</subfield></datafield><datafield tag="078" ind1="i" ind2="1"><subfield code="a">iall</subfield></datafield><datafield tag="078" ind1="r" ind2="1"><subfield code="a">38 M: ellinet ; GND: (DE-588)1124555668</subfield></datafield><datafield tag="080" ind1="-" ind2="1"><subfield code="a">60</subfield></datafield><datafield tag="100" ind1="-" ind2="1"><subfield code="p">Schmitz, Jasmin</subfield><subfield code="9">(DE-588)1088345387</subfield></datafield><datafield tag="200" ind1="b" ind2="1"><subfield code="k">ZB MED - Informationszentrum Lebenswissenschaften</subfield><subfield code="4">isb</subfield><subfield code="3">Herausgebendes Organ</subfield><subfield code="9">(DE-588)1124555668</subfield></datafield><datafield tag="201" ind1="-" ind2="1"><subfield code="k">Deutsche Zentralbibliothek für Medizin (ZB MED) - Informationszentrum Lebenswissenschaften</subfield></datafield><datafield tag="201" ind1="-" ind2="1"><subfield code="k">Informationszentrum Lebenswissenschaften</subfield></datafield><datafield tag="201" ind1="-" ind2="1"><subfield code="k">ZB MED</subfield></datafield><datafield tag="201" ind1="-" ind2="1"><subfield code="k">Deutsche Zentralbibliothek für Medizin - Informationszentrum Lebenswissenschaften</subfield></datafield><datafield tag="201" ind1="-" ind2="1"><subfield code="k">ZB MED - Information Centre for Life Sciences</subfield></datafield><datafield tag="201" ind1="-" ind2="1"><subfield code="k">German National Library of Medicine ZB MED - Information Centre for Life Sciences</subfield></datafield><datafield tag="331" ind1="-" ind2="1"><subfield code="a">Open Access - nicht nur ein Thema für wissenschaftliche Bibliotheken</subfield></datafield><datafield tag="335" ind1="-" ind2="1"><subfield code="a">Vortrag im Rahmen der Open-Access-Tage 2017, Dresden 12.09.2017</subfield></datafield><datafield tag="359" ind1="-" ind2="1"><subfield code="a">Dr. Jasmin Schmitz ; PUBLISSO - ZB MED-Publikationsportal Lebenswissenschaften, ZB MED - Informationszentrum Lebenswissenschaften</subfield></datafield><datafield tag="419" ind1="-" ind2="1"><subfield code="a">Köln</subfield><subfield code="b">ZB MED - Informationszentrum Lebenswissenschaften</subfield><subfield code="c">[2017]</subfield></datafield><datafield tag="425" ind1="a" ind2="1"><subfield code="a">2017</subfield></datafield><datafield tag="433" ind1="-" ind2="1"><subfield code="a">1 Online-Ressource (31 Seiten)</subfield></datafield><datafield tag="434" ind1="-" ind2="1"><subfield code="a">Illustrationen</subfield></datafield><datafield tag="444" ind1="a" ind2="1"><subfield code="n">Sofern nicht anders angegeben, ist dieses Werk lizenziert unter einer Creative Commons Namensnennung 4.0 Lizenz</subfield><subfield code="u">https://creativecommons.org/licenses/by/4.0/</subfield></datafield><datafield tag="501" ind1="-" ind2="1"><subfield code="a">Sofern nicht anders angegeben, ist dieses Werk lizenziert unter einer Creative Commons Namensnennung 4.0 Lizenz (https://creativecommons.org/licenses/by/4.0/)</subfield></datafield><datafield tag="552" ind1="a" ind2="1"><subfield code="a">10.4126/FRL01-006405231</subfield></datafield><datafield tag="655" ind1="e" ind2="1"><subfield code="u">https://repository.publisso.de/resource/frl:6405231</subfield><subfield code="x">Langzeitarchivierung</subfield><subfield code="A">0</subfield></datafield><datafield tag="700" ind1="b" ind2="1"><subfield code="a">020</subfield></datafield><controlfield tag="SYS">021994674</controlfield><datafield tag="LOW" ind1="-" ind2="1"><subfield code="a">KM001</subfield></datafield><datafield tag="088" ind1=" " ind2=" "><subfield code="a">38 M</subfield><subfield code="b">00000099</subfield><subfield code="c">Elektronische Publikation</subfield><subfield code="e">keine ILL</subfield></datafield></record></metadata></record></ListRecords></OAI-PMH>